@online{whatweightless,
    author = {Ubiik},
    title = {What is Weightless-P?},
    year = {2017},
    url  = {https://www.ubiik.com/post/2016/09/21/what-is-weightless-p},
}

@online{gallorinichoose,
    author = {Romuald Gallorini},
    title = {Choosing the Right Wireless Protocol for Your IoT Application},
    year = {2018},
    url  = {https://www.electronicdesign.com/industrial-automation/article/21807028/choosing-the-right-wireless-protocol-for-your-iot-application},
}

@online{frucirb,
    author = {Chris Fruci},
    title = {Choosing the Right Wireless Standard For Your IoT Sensors},
    year = {2018},
    url  = {https://radiobridge.com/blog/choosing-the-right-wireless-standard-for-your-iot-sensors},
}

@online{mathworksbtle,
    author = {MathWorks},
    title = {Bluetooth Low Energy Bit Error Rate Simulation},
    url  = {https://www.mathworks.com/help/comm/examples/bluetooth-low-energy-bit-error-rate-simulation.html},
}

@online{temp,
    author = {Romuald Gallorini},
    title = {Choosing the Right Wireless Protocol for Your IoT Application},
    year = {2018},
    url  = {https://www.electronicdesign.com/industrial-automation/article/21807028/choosing-the-right-wireless-protocol-for-your-iot-application},
}
